@inproceedings{ cinemaSC14,
    author = {Ahrens, James and Jourdain, S{\'e}bastien and O'Leary, Patrick and Patchett, John and Rogers, David H. and Petersen, Mark},
    title = {An Image-based Approach to Extreme Scale in Situ Visualization and Analysis},
    booktitle = {Proceedings of the International Conference for High Performance Computing, Networking, Storage and Analysis},
    series = {SC '14},
    year = {2014},
    isbn = {978-1-4799-5500-8},
    location = {New Orleans, Louisana},
    pages = {424--434},
    numpages = {11},
    url = {http://dx.doi.org/10.1109/SC.2014.40},
    doi = {10.1109/SC.2014.40},
    acmid = {2683640},
    publisher = {IEEE Press},
    address = {Piscataway, NJ, USA},
} 

@techreport{ cinemaSimpleFileSpec,
    title  = {Cinema Simple Database Specification},
    year    = {2015},
    month   = {January},
    institution = {Los Alamos National Laboratory},
    number = {LA-UR-15-20572},
    author = {Rogers, David and Ahrens, James and Patchett, John},
}

@article{Ringler2013211,
Author = {Todd Ringler and Mark Petersen and Robert L. Higdon and Doug Jacobsen and Philip W. Jones and Mathew Maltrud},
Doi = {http://dx.doi.org/10.1016/j.ocemod.2013.04.010},
Issn = {1463-5003},
Journal = {Ocean Modelling},
Keywords = {Spherical Centroidal Voronoi Tesselations},
Number = {0},
Pages = {211 - 232},
Title = {A multi-resolution approach to global ocean modeling},
Url = {http://www.sciencedirect.com/science/article/pii/S1463500313000760},
Volume = {69},
Year = {2013},
Bdsk-Url-1 = {http://www.sciencedirect.com/science/article/pii/S1463500313000760},
Bdsk-Url-2 = {http://dx.doi.org/10.1016/j.ocemod.2013.04.010}}

@techreport{ catalystUserGuide,
    title  = {The ParaView Catalyst User's Guide},
    year    = {2013},
    institution = {Kitware, Inc.},
    author = {Bauer, Andrew C. and Geveci, Berk and Schroeder, Will}
}
