@inproceedings{ cinemaSC14,
    author = {Ahrens, James and Jourdain, S{\'e}bastien and O'Leary, Patrick and Patchett, John and Rogers, David H. and Petersen, Mark},
    title = {An Image-based Approach to Extreme Scale in Situ Visualization and Analysis},
    booktitle = {Proceedings of the International Conference for High Performance Computing, Networking, Storage and Analysis},
    series = {SC '14},
    year = {2014},
    isbn = {978-1-4799-5500-8},
    location = {New Orleans, Louisana},
    pages = {424--434},
    numpages = {11},
    url = {http://dx.doi.org/10.1109/SC.2014.40},
    doi = {10.1109/SC.2014.40},
    acmid = {2683640},
    publisher = {IEEE Press},
    address = {Piscataway, NJ, USA},
} 

@techreport{ cinemaSpecA,
    title  = {Cinema Simple Database Specification},
    year    = {2015},
    month   = {January},
    institution = {Los Alamos National Laboratory},
    number = {LA-UR-15-20572},
    author = {Rogers, David and Ahrens, James and Patchett, John},
}

@techreport{ cinemaSpecC,
    title  = {Cinema Database Specification Chaplin Release},
    year    = {2017},
    month   = {January},
    institution = {Los Alamos National Laboratory},
    number = {LA-UR-15-20645},
    author = {Rogers, David and Woodring, Jon and Patchett, John and DeMarle, David and Geveci, Berk}
}

@techreport{ cinemaSpecD,
    title  = {Cinema Database Specification Dietrich Release},
    year    = {2017},
    month   = {June},
    institution = {Los Alamos National Laboratory},
    number = {LA-UR-17-25072},
    author = {Woodring, Jon and Rogers, David and Ahrens, James and Patchett, John}
}

@misc{rfc4180,
    series =    {Request for Comments},
    number =    4180,
    howpublished =  {RFC 4180},
    publisher = {RFC Editor},
    doi =       {10.17487/RFC4180},
    url =       {https://rfc-editor.org/rfc/rfc4180.txt},
        author =    {Yakov Shafranovich},
    title =     {{Common Format and MIME Type for Comma-Separated Values (CSV)  Files}},
    pagetotal = 8,
    year =      2005,
    month =     oct,
    abstract =  {This RFC documents the format used for Comma-Separated Values  (CSV) files and registers the associated MIME type &quot;text/csv&quot;. This   memo provides information for the Internet community.},
}

@misc{dietrich,
    author = {Deanlaw},
    title = {Marlene Dietrich in Shanghai Express (1932) by Don English},
    note = {\url{https://commons.wikimedia.org/wiki/File:                       Marlene_Dietrich_in_Shanghai_Express_(1932)_by_Don_English.png}},
    key = {{Commons image website}},
    year = {2016},
}
